%% This BibTeX bibliography file was created using BibDesk.
%% http://bibdesk.sourceforge.net/


%% Created for Andrea Alfonsi at 2015-01-21 08:58:35 -0700 


%% Saved with string encoding Unicode (UTF-8) 

@TechReport{RAVENuserManual,
author = {Cristian Rabiti and Andrea Alfonsi and Joshua Cogliati and Diego Mandelli and Robert Kinoshita and Sonat Sen},
title = {RAVEN User Manual},
institution = {Idaho National Laboratory},
year = {2015},
OPTkey = {NL/EXT-15-34123},
OPTtype = {•},
OPTnumber = {•},
OPTaddress = {•},
OPTmonth = {•},
OPTnote = {•},
OPTannote = {rev.4}
}

@article{SVM_Burges,
 author = {Burges, Christopher J. C.},
 title = {A Tutorial on Support Vector Machines for Pattern Recognition},
 journal = {Data Mining and Knowledge Discovery},
 issue_date = {June 1998},
 volume = {2},
 number = {2},
 month = jun,
 year = {1998},
 issn = {1384-5810},
 pages = {121--167},
 publisher = {Kluwer Academic Publishers}
} 

@article{MD_spline,
  title = {Multidimensional Spline Interpolation: Theory and Applications},
  author = {Habermann, Christian and Kindermann, Fabian}, 
  year = {2007},
  journal = {Computational Economics},
  volume = {30},
  number = {2},
  pages = {153-169},
}

@book{Rasmussen_GPM,
 author = {Rasmussen, Carl Edward and Williams, Christopher K. I.},
 title = {Gaussian Processes for Machine Learning (Adaptive Computation and Machine Learning)},
 year = {2005},
 publisher = {The MIT Press},
}

@article{altman_KNN,
    author = {Altman, N. S.},
    doi = {10.2307/2685209},
    journal = {The American Statistician},
    number = {3},
    pages = {175--185},
    publisher = {American Statistical Association},
    title = {An Introduction to Kernel and Nearest-Neighbor Nonparametric Regression},
    volume = {46},
    year = {1992}
}

@inproceedings{Shepard,
 author = {Shepard, Donald},
 title = {A Two-dimensional Interpolation Function for Irregularly-spaced Data},
 booktitle = {Proceedings of the 1968 23rd ACM National Conference},
 series = {ACM 1968},
 year = {1968},
 pages = {517--524},
 publisher = {ACM},
 address = {New York, NY, USA}
} 





@misc{PBS,
	Date-Added = {2015-01-20 19:25:37 +0000},
	Date-Modified = {2015-01-21 15:51:25 +0000},
	Title = {Portable Batch System},
	howpublished = {http://www.pbsworks.com},
	Bdsk-Url-1 = {http://www.pbsworks.com}}

@misc{SciKitLearn,
	Author = {David Cournapeau},
	Date-Added = {2015-01-20 19:13:34 +0000},
	Date-Modified = {2015-01-21 15:58:29 +0000},
	Read = {1},
	Title = {Scikit-learn Library for machine learning},
	howpublished = {http://scikit-learn.org/stable/user \textunderscore guide.html}}

@article{MatPlotLib,
	Abstract = {Matplotlib is a 2D graphics package used for Python
  for application development, interactive scripting, and
  publication-quality image generation across user
  interfaces and operating systems.},
	Author = {Hunter, J. D.},
	Journal = {Computing In Science \& Engineering},
	Number = {3},
	Pages = {90--95},
	Publisher = {IEEE COMPUTER SOC},
	Title = {Matplotlib: A 2D graphics environment},
	Volume = {9},
	Year = 2007}

@techreport{MPI,
	Address = {Knoxville, TN, USA},
	Author = {Forum, Message P},
	Publisher = {University of Tennessee},
	Source = {http://www.ncstrl.org:8900/ncstrl/servlet/search?formname=detail\&id=oai%3Ancstrlh%3Autk_cs%3Ancstrl.utk_cs%2F%2FUT-CS-94-230},
	Title = {MPI: A Message-Passing Interface Standard},
	Year = {1994}}
