%% This BibTeX bibliography file was created using BibDesk.
%% http://bibdesk.sourceforge.net/


%% Created for Andrea Alfonsi at 2015-01-21 08:58:35 -0700


%% Saved with string encoding Unicode (UTF-8)

@article{spall1998implementation,
  title={Implementation of the simultaneous perturbation algorithm for stochastic optimization},
  author={Spall, James C},
  journal={IEEE Transactions on aerospace and electronic systems},
  volume={34},
  number={3},
  pages={817--823},
  year={1998},
  publisher={IEEE}
}

@misc{PBS,
	Date-Added = {2015-01-20 19:25:37 +0000},
	Date-Modified = {2015-01-21 15:51:25 +0000},
	Title = {Portable Batch System},
	howpublished = {http://www.pbsworks.com},
	Bdsk-Url-1 = {http://www.pbsworks.com}}

@misc{SciKitLearn,
	Author = {David Cournapeau},
	Date-Added = {2015-01-20 19:13:34 +0000},
	Date-Modified = {2015-01-21 15:58:29 +0000},
	Read = {1},
	Title = {Scikit-learn Library for machine learning},
	howpublished = {http://scikit-learn.org/stable/user \textunderscore guide.html}}

@article{finkelstein1971improved,
  title={Improved goodness-of-fit tests},
  author={Finkelstein, Jack M and Schafer, Ray E},
  journal={Biometrika},
  volume={58},
  number={3},
  pages={641--645},
  year={1971},
  publisher={Biometrika Trust}
}

@book{wilcox2008users,
  title={Users manual for TMY3 data sets},
  author={Wilcox, Stephen and Marion, William},
  year={2008},
  publisher={National Renewable Energy Laboratory Golden, CO}
}

@article{MatPlotLib,
	Abstract = {Matplotlib is a 2D graphics package used for Python
  for application development, interactive scripting, and
  publication-quality image generation across user
  interfaces and operating systems.},
	Author = {Hunter, J. D.},
	Journal = {Computing In Science \& Engineering},
	Number = {3},
	Pages = {90--95},
	Publisher = {IEEE COMPUTER SOC},
	Title = {Matplotlib: A 2D graphics environment},
	Volume = {9},
	Year = 2007}

@techreport{MPI,
	Address = {Knoxville, TN, USA},
	Author = {Forum, Message P},
	Publisher = {University of Tennessee},
	Source = {http://www.ncstrl.org:8900/ncstrl/servlet/search?formname=detail\&id=oai%3Ancstrlh%3Autk_cs%3Ancstrl.utk_cs%2F%2FUT-CS-94-230},
	Title = {MPI: A Message-Passing Interface Standard},
	Year = {1994}}

@article{Schmid2010DMD,
  title={Dynamic mode decomposition of numerical and experimental data},
  author={Peter Schmid},
  journal={Journal  of  Fluid  Mechanics },
  volume={656},
  pages={5-28},
  year={2010},
  publisher={Cambridge  University  Press  (CUP)}
}

@article{Vega2017HODMD,
  title={Higher Order Dynamic Mode Decomposition},
  author={Soledad Le Clainche and José M. Vega},
  journal={SIAM Journal on Applied Dynamical Systems },
  volume={16},
  pages={882–925},
  number = {2},
  year={2017},
  publisher={SIAM}
}