%% This BibTeX bibliography file was created using BibDesk.
%% http://bibdesk.sourceforge.net/


%% Created for Andrea Alfonsi at 2015-01-21 08:58:35 -0700 


%% Saved with string encoding Unicode (UTF-8) 

@TechReport{RAVENuserManual,
author = {Cristian Rabiti and Andrea Alfonsi and Joshua Cogliati and Diego Mandelli and Robert Kinoshita and Sonat Sen and Congjian Wang and Paul W. Talbot and Daniel P. Maljovec and Jun Chen},
title = {RAVEN User Manual},
institution = {Idaho National Laboratory},
year = {2017},
OPTkey = {NL/EXT-15-34123},
OPTtype = {•},
OPTnumber = {rev.6},
OPTaddress = {•},
OPTmonth = {March},
OPTnote = {•}
}

@misc{PBS,
	Date-Added = {2015-01-20 19:25:37 +0000},
	Date-Modified = {2015-01-21 15:51:25 +0000},
	Title = {Portable Batch System},
	howpublished = {http://www.pbsworks.com},
	Bdsk-Url-1 = {http://www.pbsworks.com}}

@techreport{MPI,
	Address = {Knoxville, TN, USA},
	Author = {Forum, Message P},
	Publisher = {University of Tennessee},
	Source = {http://www.ncstrl.org:8900/ncstrl/servlet/search?formname=detail\&id=oai%3Ancstrlh%3Autk_cs%3Ancstrl.utk_cs%2F%2FUT-CS-94-230},
	Title = {MPI: A Message-Passing Interface Standard},
	Year = {1994}}
