
@techreport{RAVEN,
	Author = {C. Rabiti and A. Alfonsi and J. Cogliati and D. Mandelli and R. Kinoshita and S. Sen and C. Wang and J. Chen},
	Publisher = {Idaho National laboratory (INL)},
	Number = {INL/EXT-15-34123},
	Source = {https://raven.inl.gov},
	Title = {RAVEN user manual},
	Year = {March 2017}}
@techreport{RAVENtheoryMan,
	Author = {A. Alfonsi, C. Rabiti, D. Mandelli, J. Cogliati, C. Wang, P. W. Talbot, D. P. Maljovec, C. Smith},
	title = {RAVEN Theory Manual and User Guide},
	institution = {Idaho National Laboratory (INL)}
	booktitle = {INL/EXT-16-38178},
	year = {2017},
}
