
@InProceedings{raven,
  title="RAVEN, a new software for dynamic risk analysis",
  booktitle = "PSAM 12 Probabilistic Safety Assessment and Management",
  Author = "Rabiti and Alfonsi and Mandelli and Cogliati and Kinoshita",
  month="June",
  year="2014",
  address="Honolulu, Hawaii"
}

@TechReport{RAVENuserManual,
author = {Cristian Rabiti and Andrea Alfonsi and Joshua Cogliati and Diego Mandelli and Robert Kinoshita and Sonat Sen},
title = {RAVEN User Manual},
institution = {Idaho National Laboratory},
year = {2015},
key = {INL/EXT-15-34123},
annote = {rev.4}
}

