%% This BibTeX bibliography file was created using BibDesk.
%% http://bibdesk.sourceforge.net/


%% Created for Andrea Alfonsi at 2015-01-21 08:58:35 -0700 


%% Saved with string encoding Unicode (UTF-8) 

@Book{StochasticMethods,
author = {C. Gardiner},
ALTeditor = {•},
title = {Stochastic Methods: A Handbook for the Natural and Social Sciences},
publisher = {Springer},
year = {2009},
key = {ISBN 978-3-540-70712-7}
}

@Article{ProbReactoDynamicsDevooght,
author = {J. Devooght and C. Smidts},
title = {Probabilistic Reactor Dynamics - I: The theory of Continuous Event Trees},
journal = {Nuclear Science and Engineering},
year = {1992},
OPTkey = {•},
volume = {111},
OPTnumber = {•},
pages = {229-240},
OPTmonth = {•},
OPTnote = {•},
OPTannote = {•}
}

@article{Ayres,
	Author = {Ayres and Eaton},
	Journal = {Annals of Nuclear Energy},
	Month = {May},
	Numpages = {23},
	Pages = {379--402},
	Title = {Uncertainty quantification in nuclear criticality modelling using a high dimensional model representation},
	Volume = {80},
	Year = {2015}}

@InProceedings{cristiansmeared,
  title="Fuel reliability analysis using bison and raven",
  booktitle = "PSA 2015 Probabilistic Safety Assessment and Analysis",
  Author = "Rabiti and Cogliati and Pastore and Gardner and Alfonsi",
  month="April",
  year="2015",
  address="Sun Valley, Idaho"
}

#lhs and mc
@aricle{lhs,
  title="A comparison of three methods for selecting values of input variables in the analysis of output from a computer code",
  journal="Technometrics",
  volume="21",
  number="2",
  pages="239--245",
  year="1979",
  author="McKay and Beckman and Conover"
}

@article{wiener,
  title="The homogeneous chaos",
  author="Wiener",
  journal="American Journal of Mathematics",
  volume="60",
  pages="897--936",
  year="1938"
}

@article{galerkin,
 author = "Babuska and Tempone and Zouraris",
 title = "Galerkin finite element approximations of stochastic elliptic partial differential equations",
 journal = "SIAM Journal on Numerical Analysis",
 volume = "42",
 number = "2",
 pages = "800-825",
 year = "2004"
}

@techreport{mammoth,
 title={The coupling of the neutron transport application rattlesnake to the nuclear fuels performance application bison under the moose framework},
 author={Gleicher and Williamson and Ortensi and Wang and Spencer and Novascone and Hales and Martineau},
 year={2015},
 institution={Idaho National Laboratory (INL)}
}

@article{moose,
  title = "MOOSE: a parallel computational framework for coupled systems of nonlinear equations ",
  journal = "Nuclear Engineering and Design ",
  volume = "239",
  number = "10",
  pages = "1768 - 1778",
  year = "2009",
  note = "",
  OPTissn = "0029-5493",
  OPTdoi = "http://dx.doi.org/10.1016/j.nucengdes.2009.05.021",
  OPTurl = "http://www.sciencedirect.com/science/article/pii/S0029549309002635",
  author = "Gaston and Newman and Hansen and Lebrun-Grandié"
}

@article{bison,
  title = "Three dimensional coupled simulation of thermomechanics, heat, and oxygen diffusion in nuclear fuel rods ",
  journal = "Journal of Nuclear Materials ",
  volume = "392",
  number = "1",
  pages = "6 - 15",
  year = "2009",
  note = "",
  OPTissn = "0022-3115",
  OPTdoi = "http://dx.doi.org/10.1016/j.jnucmat.2009.03.035",
  OPTurl = "http://www.sciencedirect.com/science/article/pii/S0022311509004450",
  author = "Newman and Hansen and Gaston"
}

@InProceedings{raven,
  title="RAVEN, a new software for dynamic risk analysis",
  booktitle = "PSAM 12 Probabilistic Safety Assessment and Management",
  Author = "Rabiti and Alfonsi and Mandelli and Cogliati and Kinoshita",
  month="June",
  year="2014",
  address="Honolulu, Hawaii"
}

@InProceedings{rattlesnake,
  title="Nonlinear diffusion acceleration for the multigroup transport equation discretized with SN and continuous FEM with RattleSNake",
  booktitle = "Proceedings of the International Conference on Mathematics and Computational Methods Applied to Nuclear Science \& Engineering (M\&C 2013)",
  Author = "Wang",
  month = "May",
  year = "2013",
  address = "Sun Valley, Idaho"
}

@article{xiu,
  author = {Xiu and Karniadakis},
  title = {The Wiener--Askey polynomial chaos for stochastic differential equations},
  journal = {SIAM Journal on Scientific Computing},
  volume = {24},
  number = {2},
  pages = {619-644},
  year = {2002},
  OPTdoi = {10.1137/S1064827501387826},
  OPTURL = {http://epubs.siam.org/doi/abs/10.1137/S1064827501387826},
  OPTeprint = {http://epubs.siam.org/doi/pdf/10.1137/S1064827501387826}
}

@article{Wiener-Askey,
  title="Some basic hypergeometric orthogonal polynomials that generalize Jacobi polynomials",
  author="Askey and Wilson",
  journal="Memoirs of the American Mathematical Society",
  volume="54",
  pages="1--55",
  year="1985"
}

#HC and TD
@incollection{hctd,
  year={1997},
  OPTisbn={978-3-0348-9808-9},
  booktitle={Multivariate approximation and splines},
  volume={125},
  series={ISNM International Series of Numerical Mathematics},
  editor={Nürnberger, Günther and Schmidt, JochenW. and Walz, Guido},
  OPTdoi={10.1007/978-3-0348-8871-4_15},
  title={The Curse of Dimension and a Universal Method For Numerical Integration},
  OPTurl={http://dx.doi.org/10.1007/978-3-0348-8871-4_15},
  publisher={Birkhäuser Basel},
  author={Novak and Ritter},
  pages={177-187},
  language={English}
}

@inproceedings{smolyak,
  title={Quadrature and interpolation formulas for tensor products of certain classes of functions},
  author={Smolyak},
  booktitle={Dokl. Akad. Nauk SSSR},
  volume={4},
  number={240-243},
  pages={123},
  year={1963}
}

@article{goodclenshaw,
  title="Is guass quadrature better than clenshaw-curtis?",
  author="Trefethen",
  journal="SIAM Review",
  volume="50",
  number="1",
  pages="67--87",
  year="2008"
}

@article{Gerstner,
  title="Dimension-adaptive tensor-product quadrature",
  author="Gerstner and Griebel",
  journal="Computing",
  volume="71",
  year="2003"
}

@article{bigbison,
  title="Uncertainty and sensitivity analysis of the nuclear fuel thermal behavior",
  author="Boulore and Struzik and Gaudier",
  journal="Nuclear Engineering and Design",
  volume="253",
  pages="200--210",
  year="2012"
}

#from uq.bib
@article{benchmark,
  title={Argonne code center: benchmark problem book},
  author={Argonne National Laboratory},
  journal={ANL-7416 M\&C Division of ANS},
  year={1968}
}

@article{SCLagrange, 
auTHor = "Babuska and Nobile and Tempone", 
Title = "{A stochastic collocation method for elliptic partial differential equations with random input data}", 
journal = "SIAM Journal on Numerical Analysis",
volume = 45,
YEAR = 2007, 
} 

@article{hdmr, 
auTHor = "Li and Rosenthal and Rabitz", 
Title = "{High dimensional model representations}", 
journal = "J. Phys. Chem. A",
volume = 105,
YEAR = 2001, 
} 

@article{hdmr_neutron, 
auTHor = "Hu and Smith and Willert and Kelley", 
Title = "{High dimensional model representations for the neutron transport equation}", 
journal = "NS\&E",
volume = 177,
YEAR = 2014, 
} 

#no TD or HC, just SC
@article{sparseSC, 
auTHor = "Nobile and Tempone and Webster", 
Title = "{A sparse grid stochastic collocation method for partial differential equations with random input data}", 
journal = "SIAM Journal on Numerical Analysis",
volume = 46,
YEAR = 2008, 
} 

@article{sparse1, 
auTHor = "Barthelmann and Novak and Ritter", 
Title = "{High dimensional polynomial interpolation on sparse grids}", 
journal = "Advances in Computational Mathematics",
volume = 12,
YEAR = 2000, 
} 

@article{sparse2, 
auTHor = "Bungartz and Griebel", 
Title = "{Sparse grids}", 
journal = "Acta Numerica",
volume = 13,
YEAR = 2004, 
}

@book{textbook,
Author = {Le Ma\^{i}tre and Knio},
Date-Added = {2014-06-30},
Date-Modified = {2014-06-30},
Edition = {1st},
Publisher = {Springer},
Title = {Spectral methods for uncertainty quantification with applications to computational fluid dynamics},
Year = {2010}}​

@article{erin01, 
auTHor = "Fichtl and Prinja", 
Title = "{The stochastic collocation method for radiation transport in random media}", 
journal = "J. Quantitative Spectroscopy \& Radiative Transfer",
volume= 12,
YEAR = 2011, 
}

@article{mike01, 
auTHor = "Rising and Prinja and Talou", 
Title = "{Prompt fission neutron spectrum uncertainty propagation using polynomial chaos expansion}", 
journal = "Nucl. Sci. Eng.",
volume= 175,
YEAR = 2013, 
}

@TechReport{RAVENuserManual,
author = {Cristian Rabiti and Andrea Alfonsi and Joshua Cogliati and Diego Mandelli and Robert Kinoshita and Sonat Sen},
title = {RAVEN User Manual},
institution = {Idaho National Laboratory},
year = {2015},
key = {INL/EXT-15-34123},
OPTtype = {•},
OPTnumber = {•},
OPTaddress = {•},
OPTmonth = {•},
OPTnote = {•},
annote = {rev.4}
}


@BOOK{MDS,
  title = {Modern Multidimensional Scaling: Theory and Applications},
  publisher = {Springer-Verlag New York},
  year = {2005},
  author = {I. Borg and P. Groenen}
}

@BOOK{JolliffePCA,
  title = {Principal Component Analysis},
  publisher = {Springer},
  year = {2002},
  author = {Jolliffe, I. T.},
  edition = {Second},
  month = {October},
  howpublished = {Hardcover}
}

@ARTICLE{SurveyClustering,
  author = {X. Rui and Ii},
  title = {Survey of clustering algorithms},
  journal = {IEEE Transactions on Neural Networks},
  year = {2005},
  volume = {16},
  pages = {645-678},
  number = {3},
  month = {May},
  citeulike-article-id = {1304146},
  doi = {10.1109/TNN.2005.845141},
  keywords = {bibtex-import}
}


@INPROCEEDINGS{Mode-seekingMedoidshifts,
  author = {Y. A. Sheikh and E. Khan and T. Kanade},
  title = {Mode-seeking by Medoidshifts},
  booktitle = {Eleventh IEEE International Conference on Computer Vision (ICCV 2007)},
  year = {2007},
  number = {1},
  month = {October}
}

@INPROCEEDINGS{kmeansMacQueen,
  author = {J. B. MacQueen},
  title = {Some Methods for Classification and Analysis of MultiVariate Observations},
  booktitle = {Proc. of the fifth Berkeley Symposium on Mathematical Statistics
	and Probability},
  year = {1967},
  editor = {L. M. Le Cam and J. Neyman},
  volume = {1},
  pages = {281-297},
  publisher = {University of California Press}
}

@ARTICLE{Jain99dataclustering,
  author = {A. K. Jain and M. N. Murty and P. J. Flynn},
  title = {Data clustering: A review},
  journal = {ACM Comput. Surv.},
  year = {1999},
  pages = {264-323},
  number = {31}
}

@BOOK{Mendelson75introduction,
  title = {Introduction to Topology},
  publisher = {Dover Publications},
  year = {1990},
  author = {B. Mendelson},
  address = {New York (NY), USA}
}

@ARTICLE{ZioMaio,
  author = {E. Zio and F. D. Maio},
  title = {Processing dynamic scenarios from a reliability analysis of a nuclear
	power plant digital instrumentation and control system},
  journal = {Annals of Nuclear Energy},
  year = {2009},
  volume = {36},
  pages = {1386-1399},
  publisher = {Elsevier}
}

@BOOK{JainAlgor88,
  title = {Algorithms for clustering data},
  publisher = {Prentice-Hall, Inc.},
  year = {1988},
  author = {A. K. Jain and K. Dubes and C. Richard},
  address = {Upper Saddle River, NJ (USA)}
}

@BOOK{FuzzyBezdek,
  title = {Pattern Recognition with Fuzzy Objective Function Algorithms},
  publisher = {Kluwer Academic Publishers},
  year = {1981},
  author = {J. C. Bezdek},
  address = {Norwell, MA, USA}
}

@ARTICLE{DunnFuzzy,
  author = {J.C. Dunn},
  title = {A Fuzzy Relative of the {ISODATA} Process and Its Use in Detecting
	Compact Well-Separated Clusters},
  journal = {Journal of Cybernetics},
  year = {1973},
  volume = {3},
  pages = {32-57}
}

@ARTICLE{EstimationGradient,
  author = {K. Fukunaga and L. Hostetler},
  title = {The estimation of the gradient of a density function, with applications
	in pattern recognition},
  journal = {IEEE Transactions on Information Theory},
  year = {1975},
  volume = {21},
  pages = {32-40},
  number = {1},
  booktitle = {Information Theory, IEEE Transactions on},
  keywords = {density, estimation, meanshift, nonparametric}
}

@ARTICLE{isomap,
  author = {J. B. Tenenbaum and V. de Silva and J. C. Langford},
  title = {A Global Geometric Framework for Nonlinear Dimensionality Reduction},
  journal = {Science},
  year = {2000},
  volume = {290},
  pages = {2319-2323},
  publisher = {Science}
}

@ARTICLE{CacoullosEstimation,
  author = {T. Cacoullos},
  title = {Estimation of a multivariate density},
  journal = {Annals of the Institute of Statistical Mathematics},
  year = {1966},
  volume = {18},
  pages = {179--189},
  number = {1}
}

@ARTICLE{lle,
  author = {S. T. Roweis and L. K. Saul},
  title = {Nonlinear Dimensionality Reduction by Locally Linear Embedding},
  journal = {Science},
  year = {2000},
  volume = {290},
  pages = {2323-2328},
  publisher = {Science}
}

@Book{Abramowitz,
author =  {Abramowitz M. and Stegun I. A},
title = {Handbook of Mathematical Functions with Formulas, Graphs, and Mathematical Tables},
publisher = {Dover},
year = {1972},
OPTkey = {•},
OPTvolume = {•},
OPTnumber = {•},
OPTseries = {•},
OPTaddress = {•},
edition = {9th},
OPTmonth = {•},
OPTnote = {•},
OPTannote = {•}
}

@TechReport{RimoldiniUnbiased,
author = {Lorenzo Rimoldini},
title = {Weighted skewness and kurtosis unbiased by sample size},
institution = {Astronomical Observatory of the University of Geneva},
year = {2013},
key = {arXiv:1304.6564v2},
OPTtype = {•},
OPTnumber = {•},
OPTaddress = {•},
month = {April},
OPTnote = {•},
OPTannote = {rev.4}
}

@article{SVM_Burges,
 author = {Burges, Christopher J. C.},
 title = {A Tutorial on Support Vector Machines for Pattern Recognition},
 journal = {Data Mining and Knowledge Discovery},
 issue_date = {June 1998},
 volume = {2},
 number = {2},
 month = jun,
 year = {1998},
 issn = {1384-5810},
 pages = {121--167},
 publisher = {Kluwer Academic Publishers},
} 

@article{MD_spline,
  title = {Multidimensional Spline Interpolation: Theory and Applications},
  author = {Habermann, Christian and Kindermann, Fabian}, 
  year = {2007},
  journal = {Computational Economics},
  volume = {30},
  number = {2},
  pages = {153-169},
}

@book{Rasmussen_GPM,
 author = {Rasmussen, Carl Edward and Williams, Christopher K. I.},
 title = {Gaussian Processes for Machine Learning (Adaptive Computation and Machine Learning)},
 year = {2005},
 publisher = {The MIT Press},
}

@article{altman_KNN,
    author = {Altman, N. S.},
    doi = {10.2307/2685209},
    journal = {The American Statistician},
    number = {3},
    pages = {175--185},
    publisher = {American Statistical Association},
    title = {An Introduction to Kernel and Nearest-Neighbor Nonparametric Regression},
    volume = {46},
    year = {1992}
}

@inproceedings{Shepard,
 author = {Shepard, Donald},
 title = {A Two-dimensional Interpolation Function for Irregularly-spaced Data},
 booktitle = {Proceedings of the 1968 23rd ACM National Conference},
 series = {ACM 1968},
 year = {1968},
 pages = {517--524},
 publisher = {ACM},
 address = {New York, NY, USA}
} 

@misc{PBS,
	Date-Added = {2015-01-20 19:25:37 +0000},
	Date-Modified = {2015-01-21 15:51:25 +0000},
	Title = {Portable Batch System},
	howpublished = {http://www.pbsworks.com},
	Bdsk-Url-1 = {http://www.pbsworks.com}}

@article{MatPlotLib,
	Abstract = {Matplotlib is a 2D graphics package used for Python
  for application development, interactive scripting, and
  publication-quality image generation across user
  interfaces and operating systems.},
	Author = {Hunter, J. D.},
	Journal = {Computing In Science \& Engineering},
	Number = {3},
	Pages = {90--95},
	Publisher = {IEEE COMPUTER SOC},
	Title = {Matplotlib: A 2D graphics environment},
	Volume = {9},
	Year = 2007}

@techreport{MPI,
	Address = {Knoxville, TN, USA},
	Author = {Forum, Message P},
	Publisher = {University of Tennessee},
	Source = {http://www.ncstrl.org:8900/ncstrl/servlet/search?formname=detail\&id=oai%3Ancstrlh%3Autk_cs%3Ancstrl.utk_cs%2F%2FUT-CS-94-230},
	Title = {MPI: A Message-Passing Interface Standard},
	Year = {1994}}

@article{scikitlearn,
	Author = {Pedregosa et al.},
	Date-Added = {2014-09-29 18:45:16 +0000},
	Date-Modified = {2014-09-29 18:46:32 +0000},
	Journal = {Journal of Machine Learning Research},
	Pages = {2825-2830},
	Title = {Scikit-learn: Machine Learning in Python},
	Year = {2011}}

@techreport{DETmilestone2013,
	Author = {A. Alfonsi and C. Rabiti and D. Mandelli and J. Cogliati and R. Kinoshita},
	Date-Added = {2014-09-29 18:37:31 +0000},
	Date-Modified = {2014-09-29 18:42:00 +0000},
	Institution = {INL},
	Month = {September},
	Number = {INL/EXT-13-30332},
	Title = {RAVEN: Dynamic Event Tree Approach Level III Milestone},
	Year = {2013}}

@techreport{lwrs,
	Date-Added = {2014-09-29 18:35:09 +0000},
	Date-Modified = {2014-09-29 18:35:53 +0000},
	Month = {April},
	Number = {INL-EXT-11-23452},
	Title = {Light Water Reactor Sustainability Program Integrated Program Plan },
	Year = {2013}}

@techreport{neams,
	Date-Added = {2014-09-29 18:07:34 +0000},
	Date-Modified = {2014-09-29 18:08:19 +0000},
	Number = {ANL/NE-13/5},
	Title = {NEAMS: The Nuclear Energy Advanced Modeling and Simulation Program}}

@article{MandelliClusteringRESS,
	Author = {Diego Mandelli and Alper Yilmaz and Tunc Aldemir and Kyle Metzroth and Richard Denning},
	Date-Added = {2013-05-22 19:40:34 +0000},
	Date-Modified = {2013-05-22 19:43:42 +0000},
	Journal = {Reliability Engineering \& System Safety},
	Pages = {146-160},
	Title = {Scenario Clustering and Dynamic Probabilistic Risk Assessment},
	Volume = {115},
	Year = {2013}}

@inproceedings{mandelliEsrel2011,
	Author = {D. Mandelli and A. Yilmaz and T. Aldemir},
	Booktitle = {Proceedings of European Safety and Reliability Conference (ESREL 2011), Troyes (France)},
	Date-Added = {2013-01-29 22:01:50 +0000},
	Date-Modified = {2013-01-29 22:01:50 +0000},
	Title = {Scenario Analysis and PRA: Overview and Lessons Learned},
	Year = {2011}}

@article{ADAPTHakobyan,
	Author = {A. Hakobyan and T. Aldemir and R. Denning and S. Dunagan and D. Kunsman and B. Rutt and U. Catalyurek},
	Date-Added = {2013-01-29 22:01:18 +0000},
	Date-Modified = {2013-01-29 22:01:18 +0000},
	Journal = {Nuclear Engineering and Design},
	Number = {12},
	Pages = {3457 -- 3467},
	Title = {Dynamic generation of accident progression event trees},
	Volume = {238},
	Year = {2008}}

@inproceedings{mandelliSVMANS,
	Author = {D. Mandelli and C. Smith},
	Booktitle = {Proceeding of American Nuclear Society (ANS), San Diego (CA)},
	Date-Added = {2013-01-29 22:00:49 +0000},
	Date-Modified = {2013-01-29 22:00:49 +0000},
	Pages = {736-738},
	Title = {Adaptive Sampling Using Support Vector Machines},
	Volume = {107},
	Year = {2012}}

@article{MOOSE,
	Author = {D Gaston and G Hansen and S Kadioglu and D A Knoll and C Newman and H Park and C Permann and W Taitano},
	Date-Added = {2013-01-29 21:58:20 +0000},
	Date-Modified = {2013-01-29 21:58:20 +0000},
	Journal = {Journal of Physics: Conference Series},
	Number = {1},
	Pages = {012012},
	Title = {Parallel multiphysics algorithms and software for computational nuclear engineering},
	Url = {http://stacks.iop.org/1742-6596/180/i=1/a=012012},
	Volume = {180},
	Year = {2009},
	Bdsk-Url-1 = {http://stacks.iop.org/1742-6596/180/i=1/a=012012}}

@inproceedings{mandelliANS_RISMC,
	Author = {D. Mandelli and C. Smith},
	Booktitle = {Proceeding of American Nuclear Society (ANS), San Diego (CA)},
	Date-Added = {2013-01-17 23:58:09 +0000},
	Date-Modified = {2013-01-17 23:58:09 +0000},
	Pages = {883-885},
	Title = {Integrating Safety Assessment Methods Using the Risk Informed Safety Margins Characterization (RISMC) Approach},
	Volume = {107},
	Year = {2012}}

@techreport{ravenFY12,
	Author = {Cristian Rabiti and Andrea Alfonsi and Joshua Cogliati and Diego Mandelli and Robert Kinoshita},
	Date-Added = {2013-01-17 21:58:24 +0000},
	Date-Modified = {2013-01-17 21:58:24 +0000},
	Institution = {Idaho National Laboratory (INL)},
	Number = {INL/EXT-12-27351},
	Title = {REACTOR ANALYSIS AND VIRTUAL CONTROL ENVIRONMENT (RAVEN) FY12 REPORT},
	Year = {2012}}

@techreport{relap7FY12,
	Author = {David Anders and Ray Berry and Derek Gaston and Richard Martineau and John Peterson and Hongbin Zhang and Haihua Zhao and Ling Zou},
	Date-Added = {2013-01-17 21:58:24 +0000},
	Date-Modified = {2013-01-17 21:58:24 +0000},
	Institution = {Idaho National Laboratory (INL)},
	Number = {INL/EXT-12-25924},
	Title = {RELAP-7 Level 2 Milestone Report: Demonstration of a Steady State Single Phase PWR Simulation with RELAP-7},
	Year = {2012}}

@techreport{HDF5,
	Author = {The HDF Group},
	Date-Added = {2013-01-17 21:58:24 +0000},
	Date-Modified = {2013-01-17 21:58:24 +0000},
	Institution = {HDF Group},
	Title = {HDF5 User's Guide},
	Year = {2013}}

@techreport{RAVENFY13,
	Author = {Cristian Rabiti and Andrea Alfonsi and Diego Mandelli and Joshua Cogliati and Robert Kinoshita},
	Date-Added = {2013-01-17 21:58:24 +0000},
	Date-Modified = {2013-01-17 21:58:24 +0000},
	Institution = {Idaho National Laboratory (INL)},
	Number = {INL/EXT-13-29510},
	Title = {Deployment and Overview of RAVEN capabilities for a Probabilistic Risk Assessment Demo for a PWR Station Blackout},
	Year = {2013}}

@inproceedings{mandelliANS2012,
	Author = {C. Rabiti and A. Alfonsi and D. Mandelli and J. Cogliati and R. Martineau},
	Booktitle = {Proceeding of American Nuclear Society (ANS), San Diego (CA)},
	Date-Added = {2013-01-17 21:58:19 +0000},
	Date-Modified = {2013-01-17 21:58:19 +0000},
	Pages = {333-335},
	Title = {RAVEN as Control Logic and Probabilistic Risk Assessment Driver for RELAP-7},
	Volume = {107},
	Year = {2012}}

@article{Urbanic1978,
	Author = {V. F. Urbanic and T. R. Heidrick},
	Date-Added = {2013-01-29 22:01:18 +0000},
	Date-Modified = {2013-01-29 22:01:18 +0000},
	Journal = {Nuclear Materials},
	Number = {75},
	Title = {High-temperature oxidation of Zircaloy-2 and Zircaloy-4 in steam},
	Volume = {251},
	Year = {1978}}

@inproceedings{alfonsiMC,
	Author = {A. Alfonsi and C. Rabiti and D. Mandelli and J. Cogliati and B. Kinoshita},
	Booktitle = {Proceedings of International Conference of mathematics and Computational Methods Applied to Nuclear Science and Engineering (M\&C 2013), Sun Valley (Idaho)},
	Date-Added = {2013-01-29 22:01:50 +0000},
	Date-Modified = {2013-01-29 22:01:50 +0000},
	Pages = {1247-1261},
	Title = {RAVEN AS A TOOL FOR DYNAMIC PROBABILISTIC RISK ASSESSMENT: SOFTWARE OVERVIEW},
	Year = {2013}}

@inproceedings{alfonsiPSA,
	Author = {A. Alfonsi and C. Rabiti and D. Mandelli and J. Cogliati and B. Kinoshita and A. Naviglio},
	Booktitle = {Proceedings of ANS PSA 2013 International Topical Meeting on Probabilistic Safety Assessment and Analysis, Columbia (South Carolina)},
	Date-Added = {2013-01-29 22:01:50 +0000},
	Date-Modified = {2013-01-29 22:01:50 +0000},
	Title = {Dynamic Event Tree Analysis Through RAVEN},
	Year = {2013}}

@inproceedings{alfonsiPSA15,
	Author = {A. Alfonsi and C. Rabiti and D. Mandelli and J. Cogliati and B. Kinoshita and A. Naviglio},
	Booktitle = {Proceedings of ANS PSA 2015 International Topical Meeting on Probabilistic Safety Assessment and Analysis, Sun Valley (Idaho)},
	Date-Added = {2013-01-29 22:01:50 +0000},
	Date-Modified = {2013-01-29 22:01:50 +0000},
	Title = {HYBRID DYNAMIC EVENT TREE SAMPLING STRATEGY IN RAVEN CODE},
	Year = {2015}}

@inproceedings{MathFrameworkMC2013,
	Author = {C. Rabiti and D. Mandelli A. Alfonsi and J. Cogliati and B. Kinoshita},
	Booktitle = {Proceedings of International Conference of mathematics and Computational Methods Applied to Nuclear Science and Engineering (M\&C 2013), Sun Valley (Idaho)},
	Date-Added = {2013-01-29 22:01:50 +0000},
	Date-Modified = {2013-01-29 22:01:50 +0000},
	Pages = {320-332},
	Title = {MATHEMATICAL FRAMEWORK FOR THE ANALYSIS OF DYNAMIC STOCHASTIC SYSTEMS WITH THE RAVEN CODE},
	Year = {2013}}

@inproceedings{ESREL2014,
	Author = {A. Alfonsi and C. Rabiti and  D. Mandelli  and J. Cogliati and B. Kinoshita},
	Booktitle = {Proceedings of ESREL European Safety and Reliability Conference (ESREL 2014), Wrocklaw (Poland)},
	Date-Added = {2013-01-29 22:01:50 +0000},
	Title = {RAVEN and dynamic probabilistic risk assessment: Software overview},
	Year = {2014}}

@inproceedings{PHISICSalf,
	Author = {A. Alfonsi and C. Rabiti and  D. Mandelli  and J. Cogliati and B. Kinoshita},
	Booktitle = {Proceedings of PHYSOR 2012 Advances in Reactor Physics Linking Research, Industry, and Education, (2012)},
	Date-Added = {2013-01-29 22:01:50 +0000},
	Title = {PHISICS Toolkit: Multi-Reactor Transmutation Analysis Utility – MRTAU},
	Year = {2012}}

@inproceedings{ANS2014alf,
	Author = {A. Alfonsi and C. Rabiti and  D. Mandelli  and J. Cogliati and B. Kinoshita},
	Booktitle = {Proceedings American Nuclear Society 2013 Annual Meeting Next Generation Nuclear Energy: Prospects and Challenges, Atlanta, GA (2013)},
	Date-Added = {2013-01-29 22:01:50 +0000},
	Title = {Performing Probabilist Risk Assessment Through RAVEN},
	Year = {2014}}
	
@inproceedings{ANS2014alfADET,
	Author = {A. Alfonsi and C. Rabiti and  D. Mandelli  and J. Cogliati and B. Kinoshita},
	Booktitle = {Proceedings American Nuclear Society 2014 Winter Meeting Nuclear-The Foundation of Clean Energy, Anaheim, CA, (2014)},
	Date-Added = {2013-01-29 22:01:50 +0000},
	Title = {Adaptive Dynamic Event Tree in RAVEN code},
	Year = {2014}}

@TechReport{RELAP5userManual,
author = {RELAP5-3D development team},
title = {RELAP5/MOD3.3 code manual},
institution = {Idaho National Laboratory},
year = {2015},
key = {INL/MIS-15-36723},
OPTtype = {•},
OPTnumber = {•},
OPTaddress = {•},
month = {October},
OPTnote = {•},
annote = {rev.7}
}
	